<?xml version="1.0" encoding="UTF-8"?><collection xmlns="http://www.loc.gov/MARC21/slim"><record><leader>00402nam--2200121-i-4500</leader><controlfield tag="001">000001256</controlfield><controlfield tag="002">20161230</controlfield><controlfield tag="005">20161230201024</controlfield><controlfield tag="008">060222s1000------------r-----000-0-eng-d</controlfield><datafield ind1=" " ind2=" " tag="100"><subfield code="a">Hertforth, L., Kock H</subfield></datafield><datafield ind1=" " ind2=" " tag="245"><subfield code="a">Radiophysikalisches und radiochemisches grundpraktikum. 2.uberarbeitete und erweiterte auflage</subfield></datafield><datafield ind1=" " ind2=" " tag="260"><subfield code="a">Berlin, Veb Deutscher Verlag Der Wissenschaften, 1962. Xvi + 550 P</subfield></datafield><datafield ind1=" " ind2=" " tag="852"><subfield code="a">8541</subfield></datafield></record></collection>